<?xml version="1.0" encoding="UTF-8"?>
<marc:collection xmlns:marc="http://www.loc.gov/MARC21/slim"
    xmlns:xsi="http://www.w3.org/2001/XMLSchema-instance"
    xsi:schemaLocation="http://www.loc.gov/MARC21/slim http://www.loc.gov/standards/marcxml/schema/MARC21slim.xsd">
    <marc:record>
        <marc:leader>17280cam a2201225 i 4500</marc:leader>
        <marc:controlfield tag="001">99161955228601452</marc:controlfield>
        <marc:controlfield tag="005">20240813213015.0</marc:controlfield>
        <marc:controlfield tag="006">ea      a  f  0   </marc:controlfield>
        <marc:controlfield tag="008">050628m19001901dcuab    b   f001 0 eng d</marc:controlfield>
        <marc:datafield tag="035" ind1=" " ind2=" ">
            <marc:subfield code="a">(OCoLC)60761971</marc:subfield>
        </marc:datafield>
        <marc:datafield tag="035" ind1=" " ind2=" ">
            <marc:subfield code="a">(OCoLC)ocm60761971 </marc:subfield>
        </marc:datafield>
        <marc:datafield tag="035" ind1=" " ind2=" ">
            <marc:subfield code="a">(EXLNZ-01ALLIANCE_NETWORK)99322195927401451</marc:subfield>
        </marc:datafield>
        <marc:datafield tag="035" ind1=" " ind2=" ">
            <marc:subfield code="a">(01ALLIANCE_UW)99161955228601452</marc:subfield>
        </marc:datafield>
        <marc:datafield tag="040" ind1=" " ind2=" ">
            <marc:subfield code="a">UNL</marc:subfield>
            <marc:subfield code="b">eng</marc:subfield>
            <marc:subfield code="e">rda</marc:subfield>
            <marc:subfield code="c">UNL</marc:subfield>
            <marc:subfield code="d">MTG</marc:subfield>
            <marc:subfield code="d">OCLCQ</marc:subfield>
            <marc:subfield code="d">OCLCF</marc:subfield>
            <marc:subfield code="d">OCLCO</marc:subfield>
            <marc:subfield code="d">OCLCQ</marc:subfield>
            <marc:subfield code="d">WAU</marc:subfield>
            <marc:subfield code="d">OCLCA</marc:subfield>
            <marc:subfield code="d">OCLCO</marc:subfield>
            <marc:subfield code="d">OCLCQ</marc:subfield>
            <marc:subfield code="d">OCLCL</marc:subfield>
            <marc:subfield code="d">MTG</marc:subfield>
            <marc:subfield code="d">OCLCO</marc:subfield>
            <marc:subfield code="d">MTG</marc:subfield>
        </marc:datafield>
        <marc:datafield tag="041" ind1=" " ind2=" ">
            <marc:subfield code="a">eng</marc:subfield>
        </marc:datafield>
        <marc:datafield tag="043" ind1=" " ind2=" ">
            <marc:subfield code="a">n-us---</marc:subfield>
            <marc:subfield code="a">n-us-ak</marc:subfield>
            <marc:subfield code="a">n-us-tx</marc:subfield>
            <marc:subfield code="a">a-ph---</marc:subfield>
        </marc:datafield>
        <marc:datafield tag="049" ind1=" " ind2=" ">
            <marc:subfield code="a">MAIN</marc:subfield>
        </marc:datafield>
        <marc:datafield tag="050" ind1="1" ind2="4">
            <marc:subfield code="a">QE75</marc:subfield>
            <marc:subfield code="b">.G46 1900</marc:subfield>
        </marc:datafield>
        <marc:datafield tag="086" ind1="0" ind2=" ">
            <marc:subfield code="a">I 19.1:900/1-7</marc:subfield>
        </marc:datafield>
        <marc:datafield tag="086" ind1="0" ind2=" ">
            <marc:subfield code="a">I 19.1:900/5/maps</marc:subfield>
        </marc:datafield>
        <marc:datafield tag="086" ind1="0" ind2=" ">
            <marc:subfield code="a">I 19.1:900/6 continued</marc:subfield>
        </marc:datafield>
        <marc:datafield tag="245" ind1="0" ind2="0">
            <marc:subfield code="a"
                >Twenty-first annual report of the United States Geological Survey to the Secretary of the Interior 1899-1900 /</marc:subfield>
            <marc:subfield code="c">by Charles D. Walcott.</marc:subfield>
        </marc:datafield>
        <marc:datafield tag="246" ind1="3" ind2="3">
            <marc:subfield code="a"
                >21st annual report of the United States Geological Survey to the Secretary of the Interior 1899-1900.</marc:subfield>
        </marc:datafield>
        <marc:datafield tag="246" ind1="1" ind2="5">
            <marc:subfield code="a"
                >Twenty-first annual report of the director of the United States Geological Survey</marc:subfield>
        </marc:datafield>
        <marc:datafield tag="246" ind1="3" ind2="3">
            <marc:subfield code="a"
                >Twenty-first annual report of the United States Geological Survey to the Secretary of the Interior 1899-1900</marc:subfield>
            <marc:subfield code="n">Part I</marc:subfield>
            <marc:subfield code="p"
                >Director's report, including triangulation, primary traverse, and spirit leveling.</marc:subfield>
        </marc:datafield>
        <marc:datafield tag="246" ind1="3" ind2="3">
            <marc:subfield code="a"
                >Twenty-first annual report of the United States Geological Survey to the Secretary of the Interior 1899-1900</marc:subfield>
            <marc:subfield code="n">Part II</marc:subfield>
            <marc:subfield code="p">General geology, economic geology, Alaska.</marc:subfield>
        </marc:datafield>
        <marc:datafield tag="246" ind1="3" ind2="3">
            <marc:subfield code="a"
                >Twenty-first annual report of the United States Geological Survey to the Secretary of the Interior 1899-1900</marc:subfield>
            <marc:subfield code="n">Part III</marc:subfield>
            <marc:subfield code="p">General geology, ore and phosphate deposits Philippines.</marc:subfield>
        </marc:datafield>
        <marc:datafield tag="246" ind1="3" ind2="3">
            <marc:subfield code="a"
                >Twenty-first annual report of the United States Geological Survey to the Secretary of the Interior 1899-1900</marc:subfield>
            <marc:subfield code="n">Part IV</marc:subfield>
            <marc:subfield code="p">Hydrography.</marc:subfield>
        </marc:datafield>
        <marc:datafield tag="246" ind1="3" ind2="3">
            <marc:subfield code="a"
                >Twenty-first annual report of the United States Geological Survey to the Secretary of the Interior 1899-1900</marc:subfield>
            <marc:subfield code="n">Part V</marc:subfield>
            <marc:subfield code="p">Forest Reserves.</marc:subfield>
        </marc:datafield>
        <marc:datafield tag="246" ind1="3" ind2="3">
            <marc:subfield code="a"
                >Twenty-first annual report of the United States Geological Survey to the Secretary of the Interior 1899-1900</marc:subfield>
            <marc:subfield code="n">Part V (maps)</marc:subfield>
            <marc:subfield code="p">Forest Reserves.</marc:subfield>
        </marc:datafield>
        <marc:datafield tag="246" ind1="3" ind2="3">
            <marc:subfield code="a"
                >Twenty-first annual report of the United States Geological Survey to the Secretary of the Interior 1899-1900</marc:subfield>
            <marc:subfield code="n">Part VI</marc:subfield>
            <marc:subfield code="p"
                >Mineral resources of the United States, 1899, metallic products, coal and coke.</marc:subfield>
        </marc:datafield>
        <marc:datafield tag="246" ind1="3" ind2="3">
            <marc:subfield code="a"
                >Twenty-first annual report of the United States Geological Survey to the Secretary of the Interior 1899-1900</marc:subfield>
            <marc:subfield code="n">Part VI (continued)</marc:subfield>
            <marc:subfield code="p"
                >Mineral resources of the United States, 1899, Nonmetallic products, except coal and coke.</marc:subfield>
        </marc:datafield>
        <marc:datafield tag="246" ind1="3" ind2="3">
            <marc:subfield code="a"
                >Twenty-first annual report of the United States Geological Survey to the Secretary of the Interior 1899-1900</marc:subfield>
            <marc:subfield code="n">Part VII</marc:subfield>
            <marc:subfield code="p">Texas.</marc:subfield>
        </marc:datafield>
        <marc:datafield tag="264" ind1=" " ind2="1">
            <marc:subfield code="a">Washington D.C. :</marc:subfield>
            <marc:subfield code="b">United States Government Printing Office,</marc:subfield>
            <marc:subfield code="c">1900-1901.</marc:subfield>
        </marc:datafield>
        <marc:datafield tag="300" ind1=" " ind2=" ">
            <marc:subfield code="a">7 in 9 volumes :</marc:subfield>
            <marc:subfield code="b">illustrations (some color, some folded), maps ;</marc:subfield>
            <marc:subfield code="c">30 cm +</marc:subfield>
            <marc:subfield code="e">11 maps (chiefly color, 26 x 18 cm folded) in pockets</marc:subfield>
        </marc:datafield>
        <marc:datafield tag="336" ind1=" " ind2=" ">
            <marc:subfield code="a">text</marc:subfield>
            <marc:subfield code="b">txt</marc:subfield>
            <marc:subfield code="2">rdacontent</marc:subfield>
        </marc:datafield>
        <marc:datafield tag="336" ind1=" " ind2=" ">
            <marc:subfield code="a">cartographic image</marc:subfield>
            <marc:subfield code="b">cri</marc:subfield>
            <marc:subfield code="2">rdacontent</marc:subfield>
        </marc:datafield>
        <marc:datafield tag="337" ind1=" " ind2=" ">
            <marc:subfield code="a">unmediated</marc:subfield>
            <marc:subfield code="b">n</marc:subfield>
            <marc:subfield code="2">rdamedia</marc:subfield>
        </marc:datafield>
        <marc:datafield tag="338" ind1=" " ind2=" ">
            <marc:subfield code="a">volume</marc:subfield>
            <marc:subfield code="b">nc</marc:subfield>
            <marc:subfield code="2">rdacarrier</marc:subfield>
        </marc:datafield>
        <marc:datafield tag="338" ind1=" " ind2=" ">
            <marc:subfield code="a">sheet</marc:subfield>
            <marc:subfield code="b">nb</marc:subfield>
            <marc:subfield code="2">rdacarrier</marc:subfield>
        </marc:datafield>
        <marc:datafield tag="500" ind1=" " ind2=" ">
            <marc:subfield code="a"
                >Added title page: Twenty-first annual report of the director of the United States Geological Survey.</marc:subfield>
        </marc:datafield>
        <marc:datafield tag="500" ind1=" " ind2=" ">
            <marc:subfield code="a"
                >Parts 1 and 2 have 3 maps in back pockets, parts 3 and 4 have 1 map in back pockets. Part 5 (continued) is a slipcase with 39 maps, consisting mostly of quadrangles showing classification of lands, Part 7 has 7 maps.</marc:subfield>
        </marc:datafield>
        <marc:datafield tag="500" ind1=" " ind2=" ">
            <marc:subfield code="a"
                >"Washington, Government Printing Office, 1900" -- bottom of title page, Parts I, II,and V ; "Washington, Government Printing Office, 1901" -- bottom of title page, Parts III,IV,VII, VII continued, and VII.</marc:subfield>
        </marc:datafield>
        <marc:datafield tag="500" ind1=" " ind2=" ">
            <marc:subfield code="a">Title from title page</marc:subfield>
        </marc:datafield>
        <marc:datafield tag="504" ind1=" " ind2=" ">
            <marc:subfield code="a">Includes bibliographical references and index.</marc:subfield>
        </marc:datafield>
        <marc:datafield tag="505" ind1="2" ind2=" ">
            <marc:subfield code="a"
                >Part 1. Director's report, including triangulation, primary traverse, and spirit leveling. -- Part 2. General geology, economic geology, Alaska: Geology of the Rico Mountains, Colorado / W. Cross and A.C. Spencer. Glacial sculpture of the Bighorn Mountains, Wyoming / F.E. Matthes. The Esmeralda formation, a fresh-water lake deposit; accompanied by a report on the fossil plants of the formation and by a report on a fossil fish / H.W. Turner, F.H. Knowlton and F.A. Lucas. Mineral vein formation at Boulder Hot Springs, Montana / W.H. Weed. Geology of the eastern Choctaw coal field, Indian Territory / J.A. Taff and G.I. Adams. Preliminary report on the Camden coal field of southwestern Arkansas / Taff, J. A. A reconnaissance from Pyramid Harbor to Eagle City, Alaska, including a description of the copper deposits of the Upper White and Tanana Rivers / A. H. Brooks.Preliminary report on the Camden River and the Skolai Mountains, Alaska / O. Rohn -- Preliminary report on a reconnaissance along the Chandlar and Koyukuk rivers, Alaska, in 1899 / F.C. Schrader. Alaskan geographic names / M. Baker. -- Part 3. General geology, ore and phosphate deposits, Philippines: The Newark system of the Pomperaug Valley, Connecticut; with a report on fossil wood from the Newark formation of South Britain, Connecticut / W.H. Hobbs and F.H. Knowlton. The laccoliths of the Black Hills, with a chapter on experiments illustrating intrusion and erosion / T.A. Jaggar, Jr. and E. Howe. The Arkansas bauxite deposits / C.W. Hayes. Tennessee white phosphate / C.W. Hayes. Report on the geology of the Philippine Islands; followed by a version of Ueber Tertiäre fossilien von den Philippinen / G.F. Becker and K. Martin. -- Part 4. Hydrography: Report on the progress of stream measurements for the calendar year 1899 / F.H. Newell. Preliminary description of the geology and water resources of the southern half of the Black Hills and adjoining regions in South Dakota and Wyoming / N.H. Darton. The high plains and their utilization / W.D. Johnson. -- Part 5. Forest reserves: Summary of forestry work in 1899-1900 / Henry Gannett. Lewis and Clarke [sic] forest reserve, Montana / H.B. Ayers. Olympic forest reserve, Washington / Arthur Dodwell, from notes by Theodore F. Rixon. Cascade Range forest reserve from township 28 south to township 37 south, inclusive, together with the Ashland forest reserve and forest regions from township 28 south to township 14 south, inclusive, and from range 2 west to range 14 east, Willamette meridian, inclusive / John B. Leiberg. Stanislaus and Lake Tahoe forest reserves and adjacent territory / George B. Sudworth. Classification of lands / Henry Gannett [and others]. Woodland of Indian Territory / C.H. Fitch. Timber conditions of the pine region of Minnesota / H.B. Ayres. -- Part 5 (continued). Forest reserves maps. -- Part 6. Mineral resources of the United States, 1899 metallic products, coal and coke. -- Part 6 (continued). Mineral resources of the United States, 1899 nonmetallic products, except coal and coke. -- Part 7. Texas: Geography and geology of the Black and Grand Prairies, Texas with detailed descriptions of the cretaceous formations and special reference to artesian waters / by Robert T. Hill.</marc:subfield>
        </marc:datafield>
        <marc:datafield tag="505" ind1="2" ind2=" ">
            <marc:subfield code="a"
                >Part I, Plate I, "Map showing condition and progress of topographic surveys and location of gaging stations for the fiscal year 1899-1900"; Plate II, "Map showing condition and progress of astronomic location, primary triangulation, primary traverse, and spirit leveling for the fiscal year 1899-1900" ; Plate III, "Progress map of topographic and geologic surveys" -- Part III, Plate XXII, "Geologic map of the Rico Mountains, Colorado" ; Plate XXXVII, "Geological map of part of the eastern Choctaw Coal Field" ; Plate XLIII, "Explorations in Alaska 1899 route from Lynn Canal via headwaters of White and Tanana Rivers to Eagle City" --   Part III, Plate LI, "Geological map of a part of the Mesabi District, Minnesota" Part IV, Plate LXV, "Geologic map of the southern half of the Black Hills region in South Dakota and Wyoming"  -- Part VII, Plate LXV, "Map of the Black and Grand Prairies of Texas including the Eastern and Western Cross Timbers" ; Plate LXVI, "Geology of the Black and Grand Prairies of Texas including the Eastern and Western Cross Timbers" ; Plate LXVII, "Cross sections on the lines A-A. B-B etc. PL. LXVI showing geological structure of the Black and Grand Prairies" ; Plate LXVIII, "Location and depths of the artesian wells of the Black and Grand Prairies of Texas" ; Plate LXIX, "Map of the Trinity Reservoirs of the Black and Grand Prairies of Texas including the Eastern and Western Cross Timbers" ; Plate LXX, "Map of the Paluxy artesian reservoirs of the Black and Grand Prairies of Texas including the Eastern and Western Cross Timbers" ; Plate XI, "Map of the Woodbine artesian reservoirs of the Black and Grand Prairies of Texas including the Eastern and Western Cross Timbers."</marc:subfield>
        </marc:datafield>
        <marc:datafield tag="505" ind1="2" ind2=" ">
            <marc:subfield code="a"
                >Part V Maps, Plate I, "Forest reserves and national parks" ; Plate III, "Lewis and Clarke Forest Reserve, showing classification of lands" ; Plate XXXIII, "Mount Rainier Forest Reserve, showing classification of lands" ; Plate LI, "Olympic Forest Reserve, showing classification of lands" ; Plate LII, "Olympic Forest Reserve, showing distribution of red fir" ; Plate LVI, "Olympic Forest Reserve, showing distribution of hemlock" ; Plate LIX, "Olympic Forest Reserve, showing distribution of cedar" ; Plate LXI, "Olympic Forest Reserve, showing distribution of spruce" ; Plate LXIII, "Olympic Forest Reserve, showing distribution of silver fir" ; Plate LXXI, "Ashland quadrangle, Oregon, showing classification of lands" ; Plate LXXII, "Klamath quadrangle, Oregon showing classification of lands" ; Plate LXXXV, "Placerville quadrangle, California, showing classification of lands" ; Plate LXXXVI, "Pyramid Peak quadrangle, California, showing classification of lands" ; Plate LXXXVII, "Jackson quadrangle, California, showing classification of lands" ; Plate LXXXVIII, "Big Trees quadrangle, California, showing classification of lands" ; Plate LXXXIX, Markleeville quadrangle, California-Nevada, showing classification of lands" ; Plate XC, "Dardanelles quadrangle, California, showing classification of lands" ; Plate CXV, "Sonora quadrangle, California, showing classification of lands" ; Plate CXVI, "Yosemite quadrangle, California, showing classification of lands" ; Plate CXVII, "Mount Lyell quadrangle, California, showing classification of lands" ; Plate CXXV, "San Jacinto quadrangle, California, showing classification of lands" ; Plate CXXVI, "Port Orford quadrangle, California, showing classification of lands" ; Plate CXXVII, "Coos Bay quadrangle, Oregon, showing classification of lands" ; Plate CXXVIII, "Roseburg quadrangle, Oregon, showing classification of lands" ; Plate CXXIX, "Tacoma quadrangle, Washington, showing classification of lands" ; Plate CXXX, "Seattle quadrangle, Washington, showing classification of lands" ; Plate CXXXI, "Mount Stuart quadrangle, Washington, showing classification of lands" ; Plate CXXXII, "Ellensburg quadrangle, Washington, showing classification of lands" ; Plate CXXXIII, "Chelan quadrangle, Washington, showing classification of lands" ; Plate CXXXIV, "Spokane quadrangle, Washington, showing classification of lands" ; Plate CXXXV, "Sandpoint quadrangle, Idaho, showing classification of lands" ; Plate CXXXVI, "Hamilton quadrangle, Montana-Idaho, showing classification of lands" ; Plate CXXXVII, "Fortymile quadrangle, Alaska, showing classification of lands" ; Plate CXXXVIII, "Dayton quadrangle, Wyoming, showing classification of lands" ; Plate CXXXIX, "Bald Mountain quadrangle, Wyoming, showing classification of lands" ; Plate CXL, "Cloud Peak quadrangle, Wyoming, showing classification of lands" ; Plate CXLL, "Newcastle quadrangle, Wyoming-South Dakota, showing classification of lands" ; Plate CXLII, "Indian Territory, showing extent and distribution of woodland" ; Plate CXLIII, "Pine region of Minnesota, showing classification of lands."</marc:subfield>
        </marc:datafield>
        <marc:datafield tag="590" ind1=" " ind2=" ">
            <marc:subfield code="a"
                >UW Libraries has part 5. From the collection of Edward W. Allen.</marc:subfield>
            <marc:subfield code="9">local</marc:subfield>
        </marc:datafield>
        <marc:datafield tag="650" ind1=" " ind2="0">
            <marc:subfield code="a">Geology</marc:subfield>
            <marc:subfield code="x">Research</marc:subfield>
            <marc:subfield code="z">United States.</marc:subfield>
        </marc:datafield>
        <marc:datafield tag="650" ind1=" " ind2="0">
            <marc:subfield code="a">Geology</marc:subfield>
            <marc:subfield code="z">Alaska.</marc:subfield>
        </marc:datafield>
        <marc:datafield tag="650" ind1=" " ind2="0">
            <marc:subfield code="a">Geology</marc:subfield>
            <marc:subfield code="z">Philippines.</marc:subfield>
        </marc:datafield>
        <marc:datafield tag="650" ind1=" " ind2="0">
            <marc:subfield code="a">Stream measurements</marc:subfield>
            <marc:subfield code="z">United States.</marc:subfield>
        </marc:datafield>
        <marc:datafield tag="650" ind1=" " ind2="0">
            <marc:subfield code="a">Forest reserves</marc:subfield>
            <marc:subfield code="z">United States.</marc:subfield>
        </marc:datafield>
        <marc:datafield tag="650" ind1=" " ind2="0">
            <marc:subfield code="a">Mines and mineral resources</marc:subfield>
            <marc:subfield code="z">United States.</marc:subfield>
        </marc:datafield>
        <marc:datafield tag="650" ind1=" " ind2="0">
            <marc:subfield code="a">Nonmetallic minerals industry</marc:subfield>
            <marc:subfield code="z">United States.</marc:subfield>
        </marc:datafield>
        <marc:datafield tag="650" ind1=" " ind2="0">
            <marc:subfield code="a">Geology</marc:subfield>
            <marc:subfield code="z">Texas.</marc:subfield>
        </marc:datafield>
        <marc:datafield tag="650" ind1=" " ind2="0">
            <marc:subfield code="a">Artesian wells</marc:subfield>
            <marc:subfield code="z">Texas.</marc:subfield>
        </marc:datafield>
        <marc:datafield tag="650" ind1=" " ind2="6">
            <marc:subfield code="a">Géologie</marc:subfield>
            <marc:subfield code="x">Recherche</marc:subfield>
            <marc:subfield code="z">États-Unis.</marc:subfield>
        </marc:datafield>
        <marc:datafield tag="650" ind1=" " ind2="6">
            <marc:subfield code="a">Géologie</marc:subfield>
            <marc:subfield code="z">Philippines.</marc:subfield>
        </marc:datafield>
        <marc:datafield tag="650" ind1=" " ind2="6">
            <marc:subfield code="a">Cours d'eau</marc:subfield>
            <marc:subfield code="x">Jaugeage</marc:subfield>
            <marc:subfield code="z">États-Unis.</marc:subfield>
        </marc:datafield>
        <marc:datafield tag="650" ind1=" " ind2="6">
            <marc:subfield code="a">Minéraux non métalliques</marc:subfield>
            <marc:subfield code="x">Industrie</marc:subfield>
            <marc:subfield code="z">États-Unis.</marc:subfield>
        </marc:datafield>
        <marc:datafield tag="650" ind1=" " ind2="6">
            <marc:subfield code="a">Géologie</marc:subfield>
            <marc:subfield code="z">Texas.</marc:subfield>
        </marc:datafield>
        <marc:datafield tag="650" ind1=" " ind2="6">
            <marc:subfield code="a">Puits artésiens</marc:subfield>
            <marc:subfield code="z">Texas.</marc:subfield>
        </marc:datafield>
        <marc:datafield tag="650" ind1=" " ind2="7">
            <marc:subfield code="a">Artesian wells</marc:subfield>
            <marc:subfield code="2">fast</marc:subfield>
        </marc:datafield>
        <marc:datafield tag="650" ind1=" " ind2="7">
            <marc:subfield code="a">Forest reserves</marc:subfield>
            <marc:subfield code="2">fast</marc:subfield>
        </marc:datafield>
        <marc:datafield tag="650" ind1=" " ind2="7">
            <marc:subfield code="a">Geology</marc:subfield>
            <marc:subfield code="2">fast</marc:subfield>
        </marc:datafield>
        <marc:datafield tag="650" ind1=" " ind2="7">
            <marc:subfield code="a">Geology</marc:subfield>
            <marc:subfield code="x">Research</marc:subfield>
            <marc:subfield code="2">fast</marc:subfield>
        </marc:datafield>
        <marc:datafield tag="650" ind1=" " ind2="7">
            <marc:subfield code="a">Mines and mineral resources</marc:subfield>
            <marc:subfield code="2">fast</marc:subfield>
        </marc:datafield>
        <marc:datafield tag="650" ind1=" " ind2="7">
            <marc:subfield code="a">Nonmetallic minerals industry</marc:subfield>
            <marc:subfield code="2">fast</marc:subfield>
        </marc:datafield>
        <marc:datafield tag="650" ind1=" " ind2="7">
            <marc:subfield code="a">Stream measurements</marc:subfield>
            <marc:subfield code="2">fast</marc:subfield>
        </marc:datafield>
        <marc:datafield tag="651" ind1=" " ind2="7">
            <marc:subfield code="a">Alaska</marc:subfield>
            <marc:subfield code="2">fast</marc:subfield>
            <marc:subfield code="1"
                >https://id.oclc.org/worldcat/entity/E39QbtfRq9rTfb3H89Vvrr9x9c</marc:subfield>
        </marc:datafield>
        <marc:datafield tag="651" ind1=" " ind2="7">
            <marc:subfield code="a">Philippines</marc:subfield>
            <marc:subfield code="2">fast</marc:subfield>
            <marc:subfield code="1"
                >https://id.oclc.org/worldcat/entity/E39PBJgMFhdtFKxYyQvHvCFkDq</marc:subfield>
        </marc:datafield>
        <marc:datafield tag="651" ind1=" " ind2="7">
            <marc:subfield code="a">Texas</marc:subfield>
            <marc:subfield code="2">fast</marc:subfield>
            <marc:subfield code="1"
                >https://id.oclc.org/worldcat/entity/E39PBJj8XjVR9hP7dPxwVtRqcP</marc:subfield>
        </marc:datafield>
        <marc:datafield tag="651" ind1=" " ind2="7">
            <marc:subfield code="a">United States</marc:subfield>
            <marc:subfield code="2">fast</marc:subfield>
            <marc:subfield code="1"
                >https://id.oclc.org/worldcat/entity/E39PBJtxgQXMWqmjMjjwXRHgrq</marc:subfield>
        </marc:datafield>
        <marc:datafield tag="610" ind1="2" ind2="0">
            <marc:subfield code="a">Geological Survey (U.S.)</marc:subfield>
        </marc:datafield>
        <marc:datafield tag="610" ind1="2" ind2="7">
            <marc:subfield code="a">Geological Survey (U.S.)</marc:subfield>
            <marc:subfield code="2">fast</marc:subfield>
        </marc:datafield>
        <marc:datafield tag="710" ind1="2" ind2=" ">
            <marc:subfield code="a">Geological Survey (U.S.),</marc:subfield>
            <marc:subfield code="e">issuing body.</marc:subfield>
            <marc:subfield code="t">Annual report.</marc:subfield>
        </marc:datafield>
        <marc:datafield tag="758" ind1=" " ind2=" ">
            <marc:subfield code="i">has work:</marc:subfield>
            <marc:subfield code="a"
                >Twenty-first annual report of the United States Geological Survey to the Secretary of the Interior 1899-1900 (Text)</marc:subfield>
            <marc:subfield code="1"
                >https://id.oclc.org/worldcat/entity/E39PCFRtv6hXdd3kCHxBbrWGgX</marc:subfield>
            <marc:subfield code="4">https://id.oclc.org/worldcat/ontology/hasWork</marc:subfield>
        </marc:datafield>
        <marc:datafield tag="700" ind1="1" ind2=" ">
            <marc:subfield code="a">Walcott, Charles D.</marc:subfield>
            <marc:subfield code="q">(Charles Doolittle),</marc:subfield>
            <marc:subfield code="d">1850-1927,</marc:subfield>
            <marc:subfield code="e">author.</marc:subfield>
            <marc:subfield code="1"
                >https://id.oclc.org/worldcat/entity/E39PBJhH6WVrhm78RWh9YjD6rq</marc:subfield>
        </marc:datafield>
        <marc:datafield tag="700" ind1="1" ind2="2">
            <marc:subfield code="i">Container of (work):</marc:subfield>
            <marc:subfield code="a">Hill, Robert Thomas,</marc:subfield>
            <marc:subfield code="d">1858-1941.</marc:subfield>
            <marc:subfield code="t"
                >Geography and geology of the Black and Grand Prairies, Texas with detailed descriptions of the cretaceous formations and special reference to artesian waters.</marc:subfield>
        </marc:datafield>
        <marc:datafield tag="700" ind1="1" ind2=" ">
            <marc:subfield code="a">Cross, Whitman,</marc:subfield>
            <marc:subfield code="d">1854-1949,</marc:subfield>
            <marc:subfield code="e">author.</marc:subfield>
            <marc:subfield code="1"
                >https://id.oclc.org/worldcat/entity/E39PBJdRCyKyp9T6KCrBttv4MP</marc:subfield>
        </marc:datafield>
        <marc:datafield tag="700" ind1="1" ind2=" ">
            <marc:subfield code="a">Spencer, Arthur C.</marc:subfield>
            <marc:subfield code="q">(Arthur Coe),</marc:subfield>
            <marc:subfield code="d">1871-1964,</marc:subfield>
            <marc:subfield code="e">author.</marc:subfield>
            <marc:subfield code="1"
                >https://id.oclc.org/worldcat/entity/E39PBJkxJYFkhbJmq6km9DKmVC</marc:subfield>
        </marc:datafield>
        <marc:datafield tag="700" ind1="1" ind2=" ">
            <marc:subfield code="a">Matthes, François,</marc:subfield>
            <marc:subfield code="d">1874-1948,</marc:subfield>
            <marc:subfield code="e">author.</marc:subfield>
            <marc:subfield code="1"
                >https://id.oclc.org/worldcat/entity/E39PBJxd3mchWxDBwtHp4D7JXd</marc:subfield>
        </marc:datafield>
        <marc:datafield tag="700" ind1="1" ind2=" ">
            <marc:subfield code="a">Turner, H. W.</marc:subfield>
            <marc:subfield code="q">(Henry Ward),</marc:subfield>
            <marc:subfield code="d">1857-</marc:subfield>
            <marc:subfield code="e">author.</marc:subfield>
            <marc:subfield code="1"
                >https://id.oclc.org/worldcat/entity/E39PCjHG6j6ht3KdVtRykwRDjd</marc:subfield>
        </marc:datafield>
        <marc:datafield tag="700" ind1="1" ind2=" ">
            <marc:subfield code="a">Weed, Walter Harvey,</marc:subfield>
            <marc:subfield code="d">1862-1944,</marc:subfield>
            <marc:subfield code="e">author.</marc:subfield>
            <marc:subfield code="1"
                >https://id.oclc.org/worldcat/entity/E39PBJrrrtPPYPtTCMBPxqkxDq</marc:subfield>
        </marc:datafield>
        <marc:datafield tag="700" ind1="1" ind2=" ">
            <marc:subfield code="a">Taff, Joseph A.</marc:subfield>
            <marc:subfield code="q">(Joseph Alexander),</marc:subfield>
            <marc:subfield code="d">1862-1944,</marc:subfield>
            <marc:subfield code="e">author.</marc:subfield>
            <marc:subfield code="1"
                >https://id.oclc.org/worldcat/entity/E39PBJkHmwBqmVGX9JYCP79FKd</marc:subfield>
        </marc:datafield>
        <marc:datafield tag="700" ind1="1" ind2=" ">
            <marc:subfield code="a">Adams, George I.</marc:subfield>
            <marc:subfield code="q">(George Irving),</marc:subfield>
            <marc:subfield code="d">1870-1932,</marc:subfield>
            <marc:subfield code="e">author.</marc:subfield>
            <marc:subfield code="1"
                >https://id.oclc.org/worldcat/entity/E39PCjBqbmXjp6QKDKGkDqVWtC</marc:subfield>
        </marc:datafield>
        <marc:datafield tag="700" ind1="1" ind2=" ">
            <marc:subfield code="a">Brooks, Alfred H.</marc:subfield>
            <marc:subfield code="q">(Alfred Hulse),</marc:subfield>
            <marc:subfield code="d">1871-1924,</marc:subfield>
            <marc:subfield code="e">author.</marc:subfield>
            <marc:subfield code="1"
                >https://id.oclc.org/worldcat/entity/E39PBJpJgR678YrjpBF4RrfTHC</marc:subfield>
        </marc:datafield>
        <marc:datafield tag="700" ind1="1" ind2=" ">
            <marc:subfield code="a">Rohn, Oscar,</marc:subfield>
            <marc:subfield code="e">author.</marc:subfield>
            <marc:subfield code="1"
                >https://id.oclc.org/worldcat/entity/E39PCjwDCW9tGftRMGbggC9cHd</marc:subfield>
        </marc:datafield>
        <marc:datafield tag="700" ind1="1" ind2=" ">
            <marc:subfield code="a">Schrader, Frank C.</marc:subfield>
            <marc:subfield code="q">(Frank Charles),</marc:subfield>
            <marc:subfield code="d">1860-1944,</marc:subfield>
            <marc:subfield code="e">author.</marc:subfield>
            <marc:subfield code="1"
                >https://id.oclc.org/worldcat/entity/E39PBJg8JyBpBtxXj39rRV7yh3</marc:subfield>
        </marc:datafield>
        <marc:datafield tag="700" ind1="1" ind2=" ">
            <marc:subfield code="a">Baker, Marcus,</marc:subfield>
            <marc:subfield code="d">1849-1903,</marc:subfield>
            <marc:subfield code="e">author.</marc:subfield>
            <marc:subfield code="1"
                >https://id.oclc.org/worldcat/entity/E39PBJB4fXCf89wpFyFxbCmyBP</marc:subfield>
        </marc:datafield>
        <marc:datafield tag="700" ind1="1" ind2=" ">
            <marc:subfield code="a">Hobbs, William Herbert,</marc:subfield>
            <marc:subfield code="d">1864-1952,</marc:subfield>
            <marc:subfield code="e">author.</marc:subfield>
            <marc:subfield code="1"
                >https://id.oclc.org/worldcat/entity/E39PBJfcT7X4CWfMkQQ7GCfXh3</marc:subfield>
        </marc:datafield>
        <marc:datafield tag="700" ind1="1" ind2=" ">
            <marc:subfield code="a">Jaggar, Thomas Augustus,</marc:subfield>
            <marc:subfield code="d">1871-1953,</marc:subfield>
            <marc:subfield code="e">author.</marc:subfield>
            <marc:subfield code="1"
                >https://id.oclc.org/worldcat/entity/E39PBJrGwcxYDdkhdfJbgVhJXd</marc:subfield>
        </marc:datafield>
        <marc:datafield tag="700" ind1="1" ind2=" ">
            <marc:subfield code="a">Howe, Ernest,</marc:subfield>
            <marc:subfield code="d">1875-1932,</marc:subfield>
            <marc:subfield code="e">author.</marc:subfield>
            <marc:subfield code="1"
                >https://id.oclc.org/worldcat/entity/E39PBJd3Mfy7QX447CyctbcwYP</marc:subfield>
        </marc:datafield>
        <marc:datafield tag="700" ind1="1" ind2=" ">
            <marc:subfield code="a">Hayes, C. W.</marc:subfield>
            <marc:subfield code="q">(Charles Willard),</marc:subfield>
            <marc:subfield code="d">1859-1916,</marc:subfield>
            <marc:subfield code="e">author.</marc:subfield>
            <marc:subfield code="1"
                >https://id.oclc.org/worldcat/entity/E39PBJhXdC3BFVk346vCBv78md</marc:subfield>
        </marc:datafield>
        <marc:datafield tag="700" ind1="1" ind2=" ">
            <marc:subfield code="a">Becker, George F.</marc:subfield>
            <marc:subfield code="q">(George Ferdinand),</marc:subfield>
            <marc:subfield code="d">1847-1919,</marc:subfield>
            <marc:subfield code="e">author.</marc:subfield>
            <marc:subfield code="1"
                >https://id.oclc.org/worldcat/entity/E39PBJjMyQTKPp3rw3kwQmkFKd</marc:subfield>
        </marc:datafield>
        <marc:datafield tag="700" ind1="1" ind2=" ">
            <marc:subfield code="a">Martin, Karl,</marc:subfield>
            <marc:subfield code="d">1851-1942,</marc:subfield>
            <marc:subfield code="e">author.</marc:subfield>
            <marc:subfield code="1"
                >https://id.oclc.org/worldcat/entity/E39PBJy8rG37bBBX6pTJp3frMP</marc:subfield>
        </marc:datafield>
        <marc:datafield tag="700" ind1="1" ind2=" ">
            <marc:subfield code="a">Newell, Frederick Haynes,</marc:subfield>
            <marc:subfield code="d">1862-1932,</marc:subfield>
            <marc:subfield code="e">author.</marc:subfield>
            <marc:subfield code="1"
                >https://id.oclc.org/worldcat/entity/E39PBJjdfHjw3F7BVgq3FMMwYP</marc:subfield>
        </marc:datafield>
        <marc:datafield tag="700" ind1="1" ind2=" ">
            <marc:subfield code="a">Darton, Nelson Horatio,</marc:subfield>
            <marc:subfield code="d">1865-1948,</marc:subfield>
            <marc:subfield code="e">author.</marc:subfield>
            <marc:subfield code="1"
                >https://id.oclc.org/worldcat/entity/E39PBJkCXG9kJPQxpWwx7983cP</marc:subfield>
        </marc:datafield>
        <marc:datafield tag="700" ind1="1" ind2=" ">
            <marc:subfield code="a">Johnson, Willard D.,</marc:subfield>
            <marc:subfield code="e">author.</marc:subfield>
            <marc:subfield code="1"
                >https://id.oclc.org/worldcat/entity/E39PBJvt8FmKBYywBHMdP8MdcP</marc:subfield>
        </marc:datafield>
        <marc:datafield tag="700" ind1="1" ind2=" ">
            <marc:subfield code="a">Gannett, Henry,</marc:subfield>
            <marc:subfield code="d">1846-1914,</marc:subfield>
            <marc:subfield code="e">author.</marc:subfield>
            <marc:subfield code="1"
                >https://id.oclc.org/worldcat/entity/E39PBJtX3GyT9Qfb7gKrPwfH4q</marc:subfield>
        </marc:datafield>
        <marc:datafield tag="700" ind1="1" ind2=" ">
            <marc:subfield code="a">Ayres, H. B.</marc:subfield>
            <marc:subfield code="q">(Horace Beemer),</marc:subfield>
            <marc:subfield code="d">1856-</marc:subfield>
            <marc:subfield code="e">author.</marc:subfield>
            <marc:subfield code="1"
                >https://id.oclc.org/worldcat/entity/E39PCjFYRR7DhmkwDBbMcvVJMq</marc:subfield>
        </marc:datafield>
        <marc:datafield tag="700" ind1="1" ind2=" ">
            <marc:subfield code="a">Rixon, Theodore F.,</marc:subfield>
            <marc:subfield code="e">author.</marc:subfield>
            <marc:subfield code="1"
                >https://id.oclc.org/worldcat/entity/E39PCjtTKTqBGyMGmhtcFXTm3P</marc:subfield>
        </marc:datafield>
        <marc:datafield tag="700" ind1="1" ind2=" ">
            <marc:subfield code="a">Leiberg, John B.</marc:subfield>
            <marc:subfield code="q">(John Bernhard),</marc:subfield>
            <marc:subfield code="d">1853-1913,</marc:subfield>
            <marc:subfield code="e">author.</marc:subfield>
            <marc:subfield code="1"
                >https://id.oclc.org/worldcat/entity/E39PCjrbqHB8jvHhkd6P97XMHd</marc:subfield>
        </marc:datafield>
        <marc:datafield tag="700" ind1="1" ind2=" ">
            <marc:subfield code="a">Sudworth, George B.</marc:subfield>
            <marc:subfield code="q">(George Bishop),</marc:subfield>
            <marc:subfield code="d">1864-1927,</marc:subfield>
            <marc:subfield code="e">author.</marc:subfield>
            <marc:subfield code="1"
                >https://id.oclc.org/worldcat/entity/E39PBJkMJgtBBTbvcgxR3rgVG3</marc:subfield>
        </marc:datafield>
        <marc:datafield tag="700" ind1="1" ind2=" ">
            <marc:subfield code="a">Fitch, C. H.</marc:subfield>
            <marc:subfield code="q">(Charles Hall),</marc:subfield>
            <marc:subfield code="d">1854-1930,</marc:subfield>
            <marc:subfield code="e">author.</marc:subfield>
            <marc:subfield code="1"
                >https://id.oclc.org/worldcat/entity/E39PCjJp9GjxkXBHMGTxRB3tPP</marc:subfield>
        </marc:datafield>
        <marc:datafield tag="973" ind1=" " ind2=" ">
            <marc:subfield code="a">pbooks</marc:subfield>
        </marc:datafield>
        <marc:datafield tag="994" ind1=" " ind2=" ">
            <marc:subfield code="a">92</marc:subfield>
            <marc:subfield code="b">OCACL</marc:subfield>
        </marc:datafield>
    </marc:record>
</marc:collection>